@book{adobe2007adobe,
	title={Adobe InDesign CS3},
	author={Adobe Systems},
	year={2007},
	publisher={Peachpit Press}
}

@online{minister,
	title={Metodologia de achiziție a manualelor școlare pentru învățământul preuniversitar},
	author={Ministerul Educației},
	url={https://www.edu.ro/sites/default/files/Anexa%203_Metodologie%20achizitie%20manuale.pdf},
	urldate={2024-06-09}
}

@book{padova2008adobe,
	title={Adobe acrobat 9 PDF bible},
	author={Padova, Ted},
	volume={536},
	year={2008},
	publisher={John Wiley \& Sons}
}

@book{musciano2006html,
	title={HTML \& xhtml: The definitive guide: The definitive guide},
	author={Musciano, Chuck and Kennedy, Bill},
	year={2006},
	publisher={" O'Reilly Media, Inc."}
}

@article{wang2013online,
	title={Online publishing via pdf2htmlEX},
	author={Wang, Lu and Liu, Wanmin},
	journal={TUGboat},
	volume={34},
	number={3},
	pages={313--324},
	year={2013},
	publisher={Tex Users Group Tokyo, Japan}
}

@article{tupper2021,
	author    = {Shelby Tupper},
	title     = {Adobe Illustrator Review},
	journal   = {PCMag},
	year      = {2021},
	note      = {Archived from the original on September 21, 2022. Retrieved October 8, 2022},
	url       = {https://www.pcmag.com/reviews/adobe-illustrator}
}

@article{raggett1997html,
	title={HTML 4.01 Specification},
	author={Raggett, Dave and Le Hors, Arnaud and Jacobs, Ian},
	journal={IETF HTML WG},
	year={1997}
}

@book{van2006introduction,
	title={An introduction to Python},
	author={van Rossum, Guido and Drake, Fred L},
	year={2006},
	publisher={Network Theory Limited}
}

@online{pymupdf,
	title={PyMuPDF},
	author={Artifex},
    url={https://pymupdf.readthedocs.io/en/latest/},
    urldate={2024-06-12}
}

@book{dubois2013mysql,
	title={MySQL},
	author={DuBois, Paul},
	year={2013},
	publisher={Addison-Wesley}
}

@inproceedings{anderson1996proposal,
	title={Proposal for a standard default color space for the internet—srgb},
	author={Anderson, Matthew and Motta, Ricardo and Chandrasekar, Srinivasan and Stokes, Michael},
	booktitle={Color and imaging conference},
	volume={4},
	pages={238--245},
	year={1996},
	organization={Society of Imaging Science and Technology}
}

@inproceedings{anderson1967syntax,
	title={Syntax-directed recognition of hand-printed two-dimensional mathematics},
	author={Anderson, Robert H},
	booktitle={Symposium on interactive systems for experimental applied mathematics: Proceedings of the Association for Computing Machinery Inc. Symposium},
	pages={436--459},
	year={1967}
}

@inproceedings{baker2010faithful,
	title={Faithful mathematical formula recognition from PDF documents},
	author={Baker, Josef B and Sexton, Alan P and Sorge, Volker},
	booktitle={Proceedings of the 9th IAPR International Workshop on Document Analysis Systems},
	pages={485--492},
	year={2010}
}

@inproceedings{wang2019extraction,
	title={Extraction of math expressions from PDF documents based on unsupervised modeling of fonts},
	author={Wang, Zelun and Beyette, Donald and Lin, Jason and Liu, Jyh-Charn},
	booktitle={2019 International Conference on Document Analysis and Recognition (ICDAR)},
	pages={381--386},
	year={2019},
	organization={IEEE}
}

@inproceedings{kieninger1998paper,
	title={A paper-to-HTML table converting system},
	author={Kieninger, Thomas and Dengel, Andreas},
	booktitle={Proceedings of document analysis systems (DAS)},
	volume={98},
	pages={356--365},
	year={1998}
}